@article{verbesselt2016,
  title={Remotely sensed resilience of tropical forests},
  author={Verbesselt, Jan and Umlauf, Nikolaus and Hirota, Marina and Holmgren, Milena and Van Nes, Egbert H and Herold, Martin and Zeileis, Achim and Scheffer, Marten},
  journal={Nature Climate Change},
  year={2016},
  publisher={Nature Research}
}

@article{keersmaecker2014,
	title={How to measure ecosystem stability? An evaluation of the reliability of stability metrics based on remote sensing time series across the major global ecosystems},
	author={de Keersmaecker, Wanda and Lhermitte, Stef and Honnay, Olivier and Farifteh, Jamshid and Somers, Ben and Coppin, Pol},
	journal={Global change biology},
	volume={20},
	number={7},
	pages={2149--2161},
	year={2014},
	publisher={Wiley Online Library}
}

@article{brauning2017,
	title={Studying Tree Responses to Extreme Events},
	author={Br{\"a}uning, Achim and Bolte, Andreas and Nabais, Cristina and Rossi, Sergio and Sass-Klaassen, Ute},
	journal={Frontiers in plant science},
	volume={8},
	year={2017},
	publisher={Frontiers Media SA}
}

@incollection{grivcar2012,
	title={Cambial cell production and structure of xylem and phloem as an indicator of tree vitality: a review},
	author={Gri{\v{c}}ar, Jo{\v{z}}ica},
	booktitle={Sustainable Forest Management-Current Research},
	year={2012},
	publisher={InTech}
}

@article{cailleret2017,
	title={A synthesis of radial growth patterns preceding tree mortality},
	author={Cailleret, Maxime and Jansen, Steven and Robert, Elisabeth MR and Desoto, Lucia and Aakala, Tuomas and Antos, Joseph A and Beikircher, Barbara and Bigler, Christof and Bugmann, Harald and Caccianiga, Marco and others},
	journal={Global change biology},
	volume={23},
	number={4},
	pages={1675--1690},
	year={2017},
	publisher={Wiley Online Library}
}

@article{hartmann2015,
	title={Research frontiers in drought-induced tree mortality: crossing scales and disciplines},
	author={Hartmann, Henrik and Adams, Henry D and Anderegg, William RL and Jansen, Steven and Zeppel, Melanie JB},
	journal={New Phytologist},
	volume={205},
	number={3},
	pages={965--969},
	year={2015},
	publisher={Wiley Online Library}
}

@article{mcdowell2011a,
	title={The interdependence of mechanisms underlying climate-driven vegetation mortality},
	author={McDowell, Nate G and Beerling, David J and Breshears, David D and Fisher, Rosie A and Raffa, Kenneth F and Stitt, Mark},
	journal={Trends in ecology \& evolution},
	volume={26},
	number={10},
	pages={523--532},
	year={2011},
	publisher={Elsevier}
}

@article{mcdowell2011b,
  title={Mechanisms linking drought, hydraulics, carbon metabolism, and vegetation mortality},
  author={McDowell, Nathan G},
  journal={Plant physiology},
  volume={155},
  number={3},
  pages={1051--1059},
  year={2011},
  publisher={Am Soc Plant Biol}
}

@article{mcdowell2013,
	title={Evaluating theories of drought-induced vegetation mortality using a multimodel--experiment framework},
	author={McDowell, Nate G and Fisher, Rosie A and Xu, Chonggang and Domec, JC and H{\"o}ltt{\"a}, Teemu and Mackay, D Scott and Sperry, John S and Boutz, Amanda and Dickman, Lee and Gehres, Nathan and others},
	journal={New Phytologist},
	volume={200},
	number={2},
	pages={304--321},
	year={2013},
	publisher={Wiley Online Library}
}

@article{seidl2011,
	title={Modelling natural disturbances in forest ecosystems: a review},
	author={Seidl, Rupert and Fernandes, Paulo M and Fonseca, Teresa F and Gillet, Fran{\c{c}}ois and J{\"o}nsson, Anna Maria and Mergani{\v{c}}ov{\'a}, Katar{\'\i}na and Netherer, Sigrid and Arpaci, Alexander and Bontemps, Jean-Daniel and Bugmann, Harald and others},
	journal={Ecological Modelling},
	volume={222},
	number={4},
	pages={903--924},
	year={2011},
	publisher={Elsevier}
}

@article{dobbertin2005,
	title={Tree growth as indicator of tree vitality and of tree reaction to environmental stress: a review},
	author={Dobbertin, Matthias},
	journal={European Journal of Forest Research},
	volume={124},
	number={4},
	pages={319--333},
	year={2005},
	publisher={Springer}
}

@article{babst2014,
	title={Above-ground woody carbon sequestration measured from tree rings is coherent with net ecosystem productivity at five eddy-covariance sites},
	author={Babst, Flurin and Bouriaud, Olivier and Papale, Dario and Gielen, Bert and Janssens, Ivan A and Nikinmaa, Eero and Ibrom, Andreas and Wu, Jian and Bernhofer, Christian and K{\"o}stner, Barbara and others},
	journal={New Phytologist},
	volume={201},
	number={4},
	pages={1289--1303},
	year={2014},
	publisher={Wiley Online Library}
}

@article{aguade2015,
	title={The role of defoliation and root rot pathogen infection in driving the mode of drought-related physiological decline in Scots pine (Pinus sylvestris L.)},
	author={Aguad{\'e}, D and Poyatos, R and G{\'o}mez, M and Oliva, Jon{\`a}s and Mart{\'\i}nez-Vilalta, Jordi},
	journal={Tree physiology},
	volume={35},
	number={3},
	pages={229--242},
	year={2015},
	publisher={Oxford University Press}
}

@article{lloret2007,
	title={Woody plant richness and {NDVI} response to drought events in Catalonian (northeastern Spain) forests},
	author={Lloret, F and Lobo, A and Estevan, H and Maisongrande, P and Vayreda, J and Terradas, J},
	journal={Ecology},
	volume={88},
	number={9},
	pages={2270--2279},
	year={2007},
	publisher={Wiley Online Library}
}

@article{vanruijven2010,
	title={Diversity enhances community recovery, but not resistance, after drought},
	author={Van Ruijven, Jasper and Berendse, Frank},
	journal={Journal of Ecology},
	volume={98},
	number={1},
	pages={81--86},
	year={2010},
	publisher={Wiley Online Library}
}

@article{vogel2012,
	title={Grassland resistance and resilience after drought depends on management intensity and species richness},
	author={Vogel, Anja and Scherer-Lorenzen, Michael and Weigelt, Alexandra},
	journal={PLoS One},
	volume={7},
	number={5},
	pages={e36992},
	year={2012},
	publisher={Public Library of Science}
}

@article{dakos2012,
	title={Methods for detecting early warnings of critical transitions in time series illustrated using simulated ecological data},
	author={Dakos, Vasilis and Carpenter, Stephen R and Brock, William A and Ellison, Aaron M and Guttal, Vishwesha and Ives, Anthony R and Kefi, Sonia and Livina, Valerie and Seekell, David A and van Nes, Egbert H and others},
	journal={PloS one},
	volume={7},
	number={7},
	pages={e41010},
	year={2012},
	publisher={Public Library of Science}
}

@article{dakos2014,
  title={Resilience indicators: prospects and limitations for early warnings of regime shifts},
  author={Dakos, Vasilis and Carpenter, Stephen R and van Nes, Egbert H and Scheffer, Marten},
  journal={Philosophical Transactions of the Royal Society of London B: Biological Sciences},
  volume={370},
  number={1659},
  pages={20130263},
  year={2014},
  publisher={The Royal Society}
}

@article{pimm1984,
	title={The complexity and stability of ecosystems},
	author={Pimm, Stuart L},
	journal={Nature},
	volume={307},
	number={5949},
	pages={321--326},
	year={1984},
	publisher={Springer}
}

@article{telesca2006,
	title={Quantifying intra-annual persistent behaviour in {SPOT-VEGETATION NDVI} data for Mediterranean ecosystems of southern Italy},
	author={Telesca, Luciano and Lasaponara, Rosa},
	journal={Remote Sensing of Environment},
	volume={101},
	number={1},
	pages={95--103},
	year={2006},
	publisher={Elsevier}
}

@article{telesca2008,
	title={Intra-annual dynamical persistent mechanisms in mediterranean ecosystems revealed {SPOT-VEGETATION} time series},
	author={Telesca, Luciano and Lasaponara, Rosa and Lanorte, Antonio},
	journal={Ecological Complexity},
	volume={5},
	number={2},
	pages={151--156},
	year={2008},
	publisher={Elsevier}
}

@article{tilman1994,
	title={Biodiversity and stability in grasslands},
	author={Tilman, David and Downing, John A},
	journal={Nature},
	volume={367},
	number={6461},
	pages={363--365},
	year={1994},
	publisher={Springer}
}

@article{zaccarelli2013,
	title={Order and disorder in ecological time-series: introducing normalized spectral entropy},
	author={Zaccarelli, Nicola and Li, Bai-Lian and Petrosillo, Irene and Zurlini, Giovanni},
	journal={Ecological Indicators},
	volume={28},
	pages={22--30},
	year={2013},
	publisher={Elsevier}
}

 @article{morton2016,
 	title={Amazon forest structure generates diurnal and seasonal variability in light utilization},
 	volume={13},
 	ISSN={1726-4189}, 
 	DOI={10.5194/bg-13-2195-2016}, 
 	number={7}, 
 	journal={Biogeosciences}, 
 	author={Morton, Douglas C. and Rubio, Jérémy and Cook, Bruce D. and Gastellu-Etchegorry, Jean-Philippe and Longo, Marcos and Choi, Hyeungu and Hunter, Maria and Keller, Michael},
 	year={2016}, 
 	month={Apr}, 
 	pages={2195–2206}
}

@article{kefi2014,
  title={Early warning signals of ecological transitions: methods for spatial patterns},
  author={K{\'e}fi, Sonia and Guttal, Vishwesha and Brock, William A and Carpenter, Stephen R and Ellison, Aaron M and Livina, Valerie N and Seekell, David A and Scheffer, Marten and van Nes, Egbert H and Dakos, Vasilis},
  journal={PloS one},
  volume={9},
  number={3},
  pages={e92097},
  year={2014},
  publisher={Public Library of Science}
}

@article{tucker1979,
  title={Red and photographic infrared linear combinations for monitoring vegetation},
  author={Tucker, Compton J},
  journal={Remote sensing of Environment},
  volume={8},
  number={2},
  pages={127--150},
  year={1979},
  publisher={Elsevier}
}

@article{liu1995,
author={Liu,Hui Q. and Huete,Alfredo},
year={1995},
title={Feedback based modification of the {NDVI} to minimize canopy background and atmospheric noise},
journal={IEEE Transactions on Geoscience and Remote Sensing},
volume={33},
number={2},
pages={457-465},
url={www.scopus.com}
}

@article{garcia1991,
  title={Mapping burns and natural reforestation using Thematic Mapper data},
  author={Garcia, MJ Lopez and Caselles, V},
  journal={Geocarto International},
  volume={6},
  number={1},
  pages={31--37},
  year={1991},
  publisher={Taylor \& Francis}
}

@article{vanmantgen2009,
  title={Widespread increase of tree mortality rates in the western {United States}},
  author={Van Mantgem, Phillip J and Stephenson, Nathan L and Byrne, John C and Daniels, Lori D and Franklin, Jerry F and Ful{\'e}, Peter Z and Harmon, Mark E and Larson, Andrew J and Smith, Jeremy M and Taylor, Alan H and others},
  journal={Science},
  volume={323},
  number={5913},
  pages={521--524},
  year={2009},
  publisher={American Association for the Advancement of Science}
}

@article{allen2010,
  title={A global overview of drought and heat-induced tree mortality reveals emerging climate change risks for forests},
  author={Allen, Craig D and Macalady, Alison K and Chenchouni, Haroun and Bachelet, Dominique and McDowell, Nate and Vennetier, Michel and Kitzberger, Thomas and Rigling, Andreas and Breshears, David D and Hogg, EH Ted and others},
  journal={Forest ecology and management},
  volume={259},
  number={4},
  pages={660--684},
  year={2010},
  publisher={Elsevier}
}

@article{allen2015,
  title={On underestimation of global vulnerability to tree mortality and forest die-off from hotter drought in the Anthropocene},
  author={Allen, Craig D and Breshears, David D and McDowell, Nate G},
  journal={Ecosphere},
  volume={6},
  number={8},
  pages={1--55},
  year={2015},
  publisher={Wiley Online Library}
}

@article{chaparro2017,
  title={The role of climatic anomalies and soil moisture in the decline of drought-prone forests},
  author={Chaparro, David and Vayreda, Jordi and Vall-llossera, Merce and Banqu{\'e}, Mireia and Piles, Maria and Camps, Adriano and Mart{\'\i}nez-Vilalta, Jordi},
  journal={IEEE Journal of Selected Topics in Applied Earth Observations and Remote Sensing},
  volume={10},
  number={2},
  pages={503--514},
  year={2017},
  publisher={IEEE}
}

@article{scheffer2001,
  title={Catastrophic shifts in ecosystems},
  author={Scheffer, Marten and Carpenter, Steve and Foley, Jonathan A and Folke, Carl and Walker, Brian},
  journal={Nature},
  volume={413},
  number={6856},
  pages={591},
  year={2001},
  publisher={Nature Publishing Group}
}

@book{scheffer2009a,
  title={Critical transitions in nature and society},
  author={Scheffer, Marten},
  year={2009},
  publisher={Princeton University Press}
}

@article{carpenter2011a,
  title={Early warnings of regime shifts: a whole-ecosystem experiment},
  author={Carpenter, Stephen R and Cole, Jonathan J and Pace, Michael L and Batt, Ryan and Brock, WA and Cline, Timmothy and Coloso, Jim and Hodgson, James R and Kitchell, Jim F and Seekell, David A and others},
  journal={Science},
  volume={332},
  number={6033},
  pages={1079--1082},
  year={2011},
  publisher={American Association for the Advancement of Science}
}

@misc{earlywarnr,
title={Early Warning Signals Toolbox for Detecting Critical Transitions in Timeseries},
author={Dakos, Vasilis and Carpenter, S R and Cline, T and Lahti, L},
year={2015}
}

@misc{spwarnr,
title={Spatial Early Warning Signals of Ecosystem Degradation},
author={Danet, Alain and Genin, Alexandre and Guttal, Vishwesha and Kefi, Sonia and Majumder, Sabiha and Sankaran, Sumithra and Schneider, Florian},
year={2017}
}

@article{carpenter2008,
  title={Leading indicators of trophic cascades},
  author={Carpenter, SR and Brock, WA and Cole, JJ and Kitchell, JF and Pace, ML},
  journal={Ecology letters},
  volume={11},
  number={2},
  pages={128--138},
  year={2008},
  publisher={Wiley Online Library}
}

@article{kleinen2003,
  title={The potential role of spectral properties in detecting thresholds in the Earth system: application to the thermohaline circulation},
  author={Kleinen, Thomas and Held, Hermann and Petschel-Held, Gerhard},
  journal={Ocean Dynamics},
  volume={53},
  number={2},
  pages={53--63},
  year={2003},
  publisher={Springer}
}

@article{held2004,
  title={Detection of climate system bifurcations by degenerate fingerprinting},
  author={Held, Hermann and Kleinen, Thomas},
  journal={Geophysical Research Letters},
  volume={31},
  number={23},
  year={2004},
  publisher={Wiley Online Library}
}

@article{livina2007,
  title={A modified method for detecting incipient bifurcations in a dynamical system},
  author={Livina, Valerie N and Lenton, Timothy M},
  journal={Geophysical Research Letters},
  volume={34},
  number={3},
  year={2007},
  publisher={Wiley Online Library}
}

@article{biggs2009,
  title={Turning back from the brink: detecting an impending regime shift in time to avert it},
  author={Biggs, Reinette and Carpenter, Stephen R and Brock, William A},
  journal={Proceedings of the National academy of Sciences},
  volume={106},
  number={3},
  pages={826--831},
  year={2009},
  publisher={National Acad Sciences}
}

@article{carpenter2006,
  title={Rising variance: a leading indicator of ecological transition},
  author={Carpenter, SR and Brock, WA},
  journal={Ecology letters},
  volume={9},
  number={3},
  pages={311--318},
  year={2006},
  publisher={Wiley Online Library}
}

@article{guttal2008,
  title={Changing skewness: an early warning signal of regime shifts in ecosystems},
  author={Guttal, Vishwesha and Jayaprakash, Ciriyam},
  journal={Ecology letters},
  volume={11},
  number={5},
  pages={450--460},
  year={2008},
  publisher={Wiley Online Library}
}

@article{seekell2011,
  title={Conditional heteroscedasticity as a leading indicator of ecological regime shifts},
  author={Seekell, David A and Carpenter, Stephen R and Pace, Michael L},
  journal={The American Naturalist},
  volume={178},
  number={4},
  pages={442--451},
  year={2011},
  publisher={University of Chicago Press Chicago, IL}
}

@article{ives2012,
  title={Detecting dynamical changes in nonlinear time series using locally linear state-space models},
  author={Ives, Anthony R and Dakos, Vasilis},
  journal={Ecosphere},
  volume={3},
  number={6},
  pages={1--15},
  year={2012},
  publisher={Wiley Online Library}
}

@article{livina2010,
  title={Potential analysis reveals changing number of climate states during the last 60 kyr},
  author={Livina, Valerie N and Kwasniok, F and Lenton, Timothy M},
  journal={Climate of the Past},
  volume={6},
  number={1},
  pages={77--82},
  year={2010},
  publisher={Copernicus GmbH}
}

@article{broock1996,
  title={A test for independence based on the correlation dimension},
  author={Broock, WA and Scheinkman, Jos{\'e} Alexandre and Dechert, W Davis and LeBaron, Blake},
  journal={Econometric reviews},
  volume={15},
  number={3},
  pages={197--235},
  year={1996},
  publisher={Taylor \& Francis}
}

@article{dakos2008,
  title={Slowing down as an early warning signal for abrupt climate change},
  author={Dakos, Vasilis and Scheffer, Marten and van Nes, Egbert H and Brovkin, Victor and Petoukhov, Vladimir and Held, Hermann},
  journal={Proceedings of the National Academy of Sciences},
  volume={105},
  number={38},
  pages={14308--14312},
  year={2008},
  publisher={National Acad Sciences}
}

@article{carpenter2011b,
  title={Early warnings of unknown nonlinear shifts: a nonparametric approach},
  author={Carpenter, SR and Brock, WA},
  journal={Ecology},
  volume={92},
  number={12},
  pages={2196--2201},
  year={2011},
  publisher={Wiley Online Library}
}

@article{scheffer2009b,
  title={Early-warning signals for critical transitions},
  author={Scheffer, Marten and Bascompte, Jordi and Brock, William A and Brovkin, Victor and Carpenter, Stephen R and Dakos, Vasilis and Held, Hermann and Van Nes, Egbert H and Rietkerk, Max and Sugihara, George},
  journal={Nature},
  volume={461},
  number={7260},
  pages={53},
  year={2009},
  publisher={Nature Publishing Group}
}

@article{vbelzen2017,
  title={Vegetation recovery in tidal marshes reveals critical slowing down under increased inundation},
  author={van Belzen, Jim and van de Koppel, Johan and Kirwan, Matthew L and van der Wal, Daphne and Herman, Peter MJ and Dakos, Vasilis and K{\'e}fi, Sonia and Scheffer, Marten and Guntenspergen, Glenn R and Bouma, Tjeerd J},
  journal={Nature communications},
  volume={8},
  pages={ncomms15811},
  year={2017},
  publisher={Nature Publishing Group}
}

@article{hirota2011,
  title={Global resilience of tropical forest and savanna to critical transitions},
  author={Hirota, Marina and Holmgren, Milena and Van Nes, Egbert H and Scheffer, Marten},
  journal={Science},
  volume={334},
  number={6053},
  pages={232--235},
  year={2011},
  publisher={American Association for the Advancement of Science}
}

@article{rodriguez2012,
  title={An assessment of the effectiveness of a random forest classifier for land-cover classification},
  author={Rodriguez-Galiano, Victor Francisco and Ghimire, Bardan and Rogan, John and Chica-Olmo, Mario and Rigol-Sanchez, Juan Pedro},
  journal={ISPRS Journal of Photogrammetry and Remote Sensing},
  volume={67},
  pages={93--104},
  year={2012},
  publisher={Elsevier}
}

@article{breiman1999,
  title={Random forests},
  author={Breiman, Leo},
  journal={UC Berkeley TR567},
  year={1999}
}

@article{breiman2001,
  title={Random forests},
  author={Breiman, Leo},
  journal={Machine learning},
  volume={45},
  number={1},
  pages={5--32},
  year={2001},
  publisher={Springer}
}

@article{dale2001,
  title={Climate change and forest disturbances: climate change can affect forests by altering the frequency, intensity, duration, and timing of fire, drought, introduced species, insect and pathogen outbreaks, hurricanes, windstorms, ice storms, or landslides},
  author={Dale, Virginia H and Joyce, Linda A and McNulty, Steve and Neilson, Ronald P and Ayres, Matthew P and Flannigan, Michael D and Hanson, Paul J and Irland, Lloyd C and Lugo, Ariel E and Peterson, Chris J and others},
  journal={BioScience},
  volume={51},
  number={9},
  pages={723--734},
  year={2001},
  publisher={BioOne}
}

@article{meigs2011,
  title={A {Landsat} time series approach to characterize bark beetle and defoliator impacts on tree mortality and surface fuels in conifer forests},
  author={Meigs, Garrett W and Kennedy, Robert E and Cohen, Warren B},
  journal={Remote Sensing of Environment},
  volume={115},
  number={12},
  pages={3707--3718},
  year={2011},
  publisher={Elsevier}
}

@article{wulder2006,
  title={Surveying mountain pine beetle damage of forests: A review of remote sensing opportunities},
  author={Wulder, Michael A and Dymond, Caren C and White, Joanne C and Leckie, Donald G and Carroll, Allan L},
  journal={Forest Ecology and management},
  volume={221},
  number={1-3},
  pages={27--41},
  year={2006},
  publisher={Elsevier}
}

@article{gessler2017,
  title={The role of nutrients in drought-induced tree mortality and recovery},
  author={Gessler, Arthur and Schaub, Marcus and McDowell, Nate G},
  journal={New Phytologist},
  volume={214},
  number={2},
  pages={513--520},
  year={2017},
  publisher={Wiley Online Library}
}

@article{schenk2008,
  title={Hydraulic integration and shrub growth form linked across continental aridity gradients},
  author={Schenk, H Jochen and Espino, Susana and Goedhart, Christine M and Nordenstahl, Marisa and Cabrera, Hugo I Martinez and Jones, Cynthia S},
  journal={Proceedings of the National Academy of Sciences},
  volume={105},
  number={32},
  pages={11248--11253},
  year={2008},
  publisher={National Acad Sciences}
}

@article{sevanto2014,
  title={How do trees die? {A} test of the hydraulic failure and carbon starvation hypotheses},
  author={Sevanto, Sanna and McDowell, Nate G and Dickman, L Turin and Pangle, Robert and Pockman, William T},
  journal={Plant, cell \& environment},
  volume={37},
  number={1},
  pages={153--161},
  year={2014},
  publisher={Wiley Online Library}
}

@article{sass2016,
  title={A tree-centered approach to assess impacts of extreme climatic events on forests},
  author={Sass-Klaassen, Ute and Fonti, Patrick and Cherubini, Paolo and Gri{\v{c}}ar, Jo{\v{z}}ica and Robert, Elisabeth MR and Steppe, Kathy and Br{\"a}uning, Achim},
  journal={Frontiers in plant science},
  volume={7},
  pages={1069},
  year={2016},
  publisher={Frontiers}
}

@article{meddens2012,
  title={Spatiotemporal patterns of observed bark beetle-caused tree mortality in British Columbia and the western United States},
  author={Meddens, Arjan JH and Hicke, Jeffrey A and Ferguson, Charles A},
  journal={Ecological Applications},
  volume={22},
  number={7},
  pages={1876--1891},
  year={2012},
  publisher={Wiley Online Library}
}

@article{breshears2005,
  title={Regional vegetation die-off in response to global-change-type drought},
  author={Breshears, David D and Cobb, Neil S and Rich, Paul M and Price, Kevin P and Allen, Craig D and Balice, Randy G and Romme, William H and Kastens, Jude H and Floyd, M Lisa and Belnap, Jayne and others},
  journal={Proceedings of the National Academy of Sciences of the United States of America},
  volume={102},
  number={42},
  pages={15144--15148},
  year={2005},
  publisher={National Acad Sciences}
}

@article{bastin2017,
  title={The extent of forest in dryland biomes},
  author={Bastin, Jean-Francois and Berrahmouni, Nora and Grainger, Alan and Maniatis, Danae and Mollicone, Danilo and Moore, Rebecca and Patriarca, Chiara and Picard, Nicolas and Sparrow, Ben and Abraham, Elena Maria and others},
  journal={Science},
  volume={356},
  number={6338},
  pages={635--638},
  year={2017},
  publisher={American Association for the Advancement of Science}
}

@misc{modisvcf,
	title={{MOD13Q1 MODIS}/Terra Vegetation Indices 16-Day L3 Global 250m {SIN} Grid V006 {[Data set]}},
	author={Didan, Kamel},
	year={2015},
	publisher={NASA EOSDIS LP DAAC},
	doi={10.5067/{MODIS}/MOD13Q1.006}
}

@article{bernstein1976,
  title={Digital image processing of earth observation sensor data},
  author={Bernstein, Ralph},
  journal={IBM Journal of research and development},
  volume={20},
  number={1},
  pages={40--57},
  year={1976},
  publisher={IBM}
}

@misc{gadm,
  title={Global Administrative Areas},
  author={{University of California, Berkeley}},
  journal={[digital geospatial data]. Available online: http://www.gadm.org},
  year={2018},
  date={02/08/2018},
  publisher={UCB}
}

@misc{faoforest,
  title={Global Forest Resources Assessment 2000},
  author={{FAO}},
  journal = {{U.N.} Food and Agriculture Organization},
  year={2001},
  publisher={{U.N.} Food and Agriculture Organization}
}

@article{anselin1995,
  title={Local indicators of spatial association—{LISA}},
  author={Anselin, Luc},
  journal={Geographical analysis},
  volume={27},
  number={2},
  pages={93--115},
  year={1995},
  publisher={Wiley Online Library}
}

@article{kendall1938,
  title={A new measure of rank correlation},
  author={Kendall, Maurice G},
  journal={Biometrika},
  volume={30},
  number={1/2},
  pages={81--93},
  year={1938},
  publisher={JSTOR}
}


@article{kerr2001,
  title={Soil moisture retrieval from space: The Soil Moisture and Ocean Salinity {(SMOS)} mission},
  author={Kerr, Yann H and Waldteufel, Philippe and Wigneron, J-P and Martinuzzi, JAMJ and Font, Jordi and Berger, Michael},
  journal={IEEE transactions on Geoscience and remote sensing},
  volume={39},
  number={8},
  pages={1729--1735},
  year={2001},
  publisher={IEEE}
}

@misc{becsmos,
  title={{SMOS-BEC} Ocean and Land Products Description},
  author={{SMOS-BEC Team}},
  journal = {{Technical note: BEC-SMOS-0001-PD. Available at http://cp34-bec.cmima.csic.es/doc/BEC-SMOS-0001-PD.pdf}},
  year={2015},
  publisher={Barcelona Expert Centre, Institute of Marine Sciences, {CSIC}. Barcelona, Spain}
}

@book{james2013,
  title={An introduction to statistical learning},
  author={James, Gareth and Witten, Daniela and Hastie, Trevor and Tibshirani, Robert},
  volume={112},
  year={2013},
  publisher={Springer}
}

@article{mcleod2005,
  title={Kendall rank correlation and Mann-Kendall trend test},
  author={McLeod, A Ian},
  journal={R Package Kendall},
  year={2005}
}

@misc{kendall1976,
  title={Rank Auto Correlation Methods, 4th Edn., Griffin},
  author={Kendall, MG},
  year={1976},
  publisher={Oxford}
}

@article{hearst1998,
  title={Support vector machines},
  author={Hearst, Marti A. and Dumais, Susan T and Osuna, Edgar and Platt, John and Scholkopf, Bernhard},
  journal={IEEE Intelligent Systems and their applications},
  volume={13},
  number={4},
  pages={18--28},
  year={1998},
  publisher={IEEE}
}

@article{gorelick2017,
  title={Google Earth Engine: Planetary-scale geospatial analysis for everyone},
  author={Gorelick, Noel and Hancher, Matt and Dixon, Mike and Ilyushchenko, Simon and Thau, David and Moore, Rebecca},
  journal={Remote Sensing of Environment},
  volume={202},
  pages={18--27},
  year={2017},
  publisher={Elsevier}
}

@article{dean2008,
  title={MapReduce: simplified data processing on large clusters},
  author={Dean, Jeffrey and Ghemawat, Sanjay},
  journal={Communications of the ACM},
  volume={51},
  number={1},
  pages={107--113},
  year={2008},
  publisher={ACM}
}

@article{zeileis2018,
  title={Package ‘zoo’},
  author={Zeileis, Achim and Grothendieck, Gabor and Ryan, Jeffrey A and Andrews, Felix and Zeileis, Maintainer Achim},
  year={2018}
}

@article{bivand2014,
  title={rgdal: Bindings for the geospatial data abstraction library},
  author={Bivand, Roger and Keitt, Tim and Rowlingson, Barry},
  journal={R package version 0.8-16},
  year={2014}
}

@article{hijmans2014,
  title={raster: Geographic data analysis and modeling},
  author={Hijmans, Robert J and van Etten, Jacob},
  journal={R package version},
  volume={2},
  number={8},
  year={2014}
}

@article{dagostino2017,
  title={googledrive: An Interface to Google Drive},
  author={D'Agostino, Lucy and Bryan, Jennifer},
  journal={R package version},
  year={2017}
}

@article{kuhn2008,
  title={Caret package},
  author={Kuhn, Max and others},
  journal={Journal of statistical software},
  volume={28},
  number={5},
  pages={1--26},
  year={2008}
}

@article{team2013,
  title={R: A language and environment for statistical computing},
  author={Team, R Core and others},
  year={2013},
  publisher={Citeseer}
}

@article{cohen1960,
  title={A coefficient of agreement for nominal scales},
  author={Cohen, Jacob},
  journal={Educational and psychological measurement},
  volume={20},
  number={1},
  pages={37--46},
  year={1960},
  publisher={Sage Publications Sage CA: Thousand Oaks, CA}
}

@misc{creafsol,
title={Mapa de Cobertes del Sòl de Catalunya 3\textsuperscript{a} ediciò (2005-2007)},
author={{CREAF \& Generalitat de Catalunya}},
year={2005},
journal={{[Online]}},
publisher={Available: http://www.creaf.uab.es/mcsc/usa/index.htm}
}

@article{akaike1973,
  title={Information theory and an extension of the maximum likelihood principle},
  author={Akaike, H},
  booktitle={2nd Inter. Symp. on Information Theory},
  pages={267--281},
  year={1973},
  organization={Akademiai Kiado}
}

@article{serra2018,
  title={Changes in tree resistance, recovery and resilience across three successive extreme droughts in the northeast Iberian Peninsula},
  author={Serra-Maluquer, X and Mencuccini, M and Mart{\'\i}nez-Vilalta, J},
  journal={Oecologia},
  pages={1--12},
  year={2018},
  publisher={Springer}
}

@article{camarero2015,
  title={To die or not to die: early warnings of tree dieback in response to a severe drought},
  author={Camarero, J Julio and Gazol, Antonio and Sang{\"u}esa-Barreda, Gabriel and Oliva, Jon{\`a}s and Vicente-Serrano, Sergio M},
  journal={Journal of Ecology},
  volume={103},
  number={1},
  pages={44--57},
  year={2015},
  publisher={Wiley Online Library}
}

@article{rogers2018,
  title={Detecting early warning signals of tree mortality in boreal North America using multiscale satellite data},
  author={Rogers, Brendan M and Solvik, Kylen and Hogg, Edward H and Ju, Junchang and Masek, Jeffrey G and Michaelian, Michael and Berner, Logan T and Goetz, Scott J},
  journal={Global change biology},
  volume={24},
  number={6},
  pages={2284--2304},
  year={2018},
  publisher={Wiley Online Library}
}

@misc{martinez2012,
  title={Drought-induced forest decline: causes, scope and implications},
  author={Mart{\'\i}nez-Vilalta, Jordi and Lloret, Francisco and Breshears, David D},
  year={2012},
  publisher={The Royal Society}
}

@article{kefi2013,
  title={Early warning signals also precede non-catastrophic transitions},
  author={K{\'e}fi, Sonia and Dakos, Vasilis and Scheffer, Marten and Van Nes, Egbert H and Rietkerk, Max},
  journal={Oikos},
  volume={122},
  number={5},
  pages={641--648},
  year={2013},
  publisher={Wiley Online Library}
}

@misc{unepForest,
title={Forest definition and extent},
author={United Nations Environment Programme},
year={2010}
}

@article{beer2010,
  title={Terrestrial gross carbon dioxide uptake: global distribution and covariation with climate},
  author={Beer, Christian and Reichstein, Markus and Tomelleri, Enrico and Ciais, Philippe and Jung, Martin and Carvalhais, Nuno and R{\"o}denbeck, Christian and Arain, M Altaf and Baldocchi, Dennis and Bonan, Gordon B and others},
  journal={Science},
  pages={1184984},
  year={2010},
  publisher={American Association for the Advancement of Science}
}

@article{choat2012,
  title={Global convergence in the vulnerability of forests to drought},
  author={Choat, Brendan and Jansen, Steven and Brodribb, Tim J and Cochard, Herv{\'e} and Delzon, Sylvain and Bhaskar, Radika and Bucci, Sandra J and Feild, Taylor S and Gleason, Sean M and Hacke, Uwe G and others},
  journal={Nature},
  volume={491},
  number={7426},
  pages={752},
  year={2012},
  publisher={Nature Publishing Group}
}

@article{sala2010,
  title={Physiological mechanisms of drought-induced tree mortality are far from being resolved},
  author={Sala, Anna and Piper, Frida and Hoch, G{\"u}nter},
  journal={New Phytologist},
  volume={186},
  number={2},
  pages={274--281},
  year={2010},
  publisher={Wiley Online Library}
}

@article{anav2011,
  title={Sensitivity of natural vegetation to climate change in the Euro-Mediterranean area},
  author={Anav, A and Mariotti, A},
  journal={Climate Research},
  volume={46},
  number={3},
  pages={277--292},
  year={2011}
}

@article{verhoef2007,
  title={Coupled soil--leaf-canopy and atmosphere radiative transfer modeling to simulate hyperspectral multi-angular surface reflectance and TOA radiance data},
  author={Verhoef, Wout and Bach, Heike},
  journal={Remote Sensing of Environment},
  volume={109},
  number={2},
  pages={166--182},
  year={2007},
  publisher={Elsevier}
}

@misc{lionello2006,
  title={The Mediterranean climate: an overview of the main characteristics and issues},
  author={Lionello, P and Malanotte-Rizzoli, Paola and Boscolo, Roberta and Alpert, Pinhas and Artale, Vincenz and Li, L and Luterbacher, J{\"u}rg and May, W and Trigo, R and Tsimplis, M and others},
  year={2006},
  publisher={Elsevier}
}

@article{huete2002,
  title={Overview of the radiometric and biophysical performance of the {MODIS} vegetation indices},
  author={Huete, Alfredo and Didan, Kamel and Miura, Tomoaki and Rodriguez, E Patricia and Gao, Xiang and Ferreira, Laerte G},
  journal={Remote sensing of environment},
  volume={83},
  number={1-2},
  pages={195--213},
  year={2002},
  publisher={Elsevier}
}